@article{abadie2019instrumental,
	title = {Instrumental variable estimation with first-stage heterogeneity},
	journal = {Journal of Econometrics},
	year = {2023},
	issn = {0304-4076},
	doi = {https://doi.org/10.1016/j.jeconom.2023.02.005},
	url = {https://www.sciencedirect.com/science/article/pii/S0304407623000702},
	author = {Alberto Abadie and Jiaying Gu and Shu Shen},
	keywords = {2SLS, First-stage heterogeneity, Asymptotic MSE, Pre-testing},
	abstract = {We propose a simple data-driven procedure that exploits heterogeneity in the first-stage correlation between an instrument and an endogenous variable to improve the asymptotic mean squared error (MSE) of instrumental variable estimators. We show that the resulting gains in asymptotic MSE can be quite large in settings where there is substantial heterogeneity in the first-stage parameters. We also show that a naive procedure used in some applied work, which consists of selecting the composition of the sample based on the value of the first-stage t-statistic, may cause substantial over-rejection of a null hypothesis on a second-stage parameter. We apply the methods to study (1) the return to schooling using the minimum school leaving age as the exogenous instrument and (2) the effect of local economic conditions on voter turnout using energy supply shocks as the source of identification.}
}

@article{abrevaya2021estimation,
	title={Estimation of treatment effects under endogenous heteroskedasticity},
	author={Abrevaya, Jason and Xu, Haiqing},
	journal={Journal of Econometrics},
	year={2021},
	publisher={Elsevier}
}

@article{angrist2004treatment,
	title={Treatment effect heterogeneity in theory and practice},
	author={Angrist, Joshua D},
	journal={The economic journal},
	volume={114},
	number={494},
	pages={C52--C83},
	year={2004},
	publisher={Oxford University Press Oxford, UK}
}

@article{aronow2013beyond,
	title={Beyond LATE: Estimation of the average treatment effect with an instrumental variable},
	author={Aronow, Peter M and Carnegie, Allison},
	journal={Political Analysis},
	volume={21},
	number={4},
	pages={492--506},
	year={2013},
	publisher={Cambridge University Press}
}

@article{basu2007use,
	title={Use of instrumental variables in the presence of heterogeneity and self-selection: an application to treatments of breast cancer patients},
	author={Basu, Anirban and Heckman, James J and Navarro-Lozano, Salvador and Urzua, Sergio},
	journal={Health economics},
	volume={16},
	number={11},
	pages={1133--1157},
	year={2007},
	publisher={Wiley Online Library}
}

@techreport{blandhol2022tsls,
	title={When is TSLS actually late?},
	author={Blandhol, Christine and Bonney, John and Mogstad, Magne and Torgovitsky, Alexander},
	year={2022},
	institution={National Bureau of Economic Research}
}

@article{benini2022modeling,
	title={Modeling heterogeneous treatment effects in the presence of endogeneity},
	author={Benini, Giacomo and Sperlich, Stefan},
	journal={Econometric Reviews},
	volume={41},
	number={3},
	pages={359--372},
	year={2022},
	publisher={Taylor \& Francis}
}

@techreport{breen2021instrumental,
	title={Instrumental Variable Estimation in Demographic Studies: The LATE interpretation of the IV estimator with heterogenous effects},
	author={Breen, Richard and Ermisch, John},
	year={2021},
	institution={Center for Open Science}
}

@article{dang2017multivariate,
	title={Multivariate response and parsimony for Gaussian cluster-weighted models},
	author={Dang, Utkarsh J and Punzo, Antonio and McNicholas, Paul D and Ingrassia, Salvatore and Browne, Ryan P},
	journal={Journal of Classification},
	volume={34},
	pages={4--34},
	year={2017},
	publisher={Springer}
}

@article{ebenstein2009local,
	title={When is the local average treatment close to the average? Evidence from fertility and labor supply},
	author={Ebenstein, Avraham},
	journal={Journal of Human Resources},
	volume={44},
	number={4},
	pages={955--975},
	year={2009},
	publisher={University of Wisconsin Press}
}

@article{florens2008identification,
	title={Identification of treatment effects using control functions in models with continuous, endogenous treatment and heterogeneous effects},
	author={Florens, Jean-Pierre and Heckman, James J and Meghir, Costas and Vytlacil, Edward},
	journal={Econometrica},
	volume={76},
	number={5},
	pages={1191--1206},
	year={2008},
	publisher={Wiley Online Library}
}

@article{galimberti2020note,
	title={A note on the consistency of the maximum likelihood estimator under multivariate linear cluster-weighted models},
	author={Galimberti, Giuliano and Soffritti, Gabriele},
	journal={Statistics \& Probability Letters},
	volume={157},
	pages={108630},
	year={2020},
	publisher={Elsevier}
}

@article{gao2023identification,
	title={Identification and Estimation of Categorical Random Coefficient Models},
	author={Gao, Zhan and Pesaran, M Hashem},
	journal={arXiv preprint arXiv:2302.14380},
	year={2023}
}



@article{heckman1998instrumental,
	title={Instrumental variables methods for the correlated random coefficient model: Estimating the average rate of return to schooling when the return is correlated with schooling},
	author={Heckman, James and Vytlacil, Edward},
	journal={Journal of Human Resources},
	pages={974--987},
	year={1998},
	publisher={JSTOR}
}

@article{heckman1999local,
	title={Local instrumental variables and latent variable models for identifying and bounding treatment effects},
	author={Heckman, James J and Vytlacil, Edward J},
	journal={Proceedings of the national Academy of Sciences},
	volume={96},
	number={8},
	pages={4730--4734},
	year={1999},
	publisher={National Acad Sciences}
}

@article{heckman2006understanding,
	title={Understanding instrumental variables in models with essential heterogeneity},
	author={Heckman, James J and Urzua, Sergio and Vytlacil, Edward},
	journal={The review of economics and statistics},
	volume={88},
	number={3},
	pages={389--432},
	year={2006},
	publisher={The MIT Press}
}

@article{heckman2007econometric,
	title={Econometric evaluation of social programs, part II: Using the marginal treatment effect to organize alternative econometric estimators to evaluate social programs, and to forecast their effects in new environments},
	author={Heckman, James J and Vytlacil, Edward J},
	journal={Handbook of econometrics},
	volume={6},
	pages={4875--5143},
	year={2007},
	publisher={Elsevier}
}

@incollection{hess2014latent,
	title={Latent class structures: taste heterogeneity and beyond},
	author={Hess, Stephane},
	booktitle={Handbook of choice modelling},
	pages={311--330},
	year={2014},
	publisher={Edward Elgar Publishing}
}


@article{huntington2020instruments,
	title={Instruments with Heterogeneous Effects: Bias, Monotonicity, and Localness},
	author={Huntington-Klein, Nick},
	journal={Journal of Causal Inference},
	volume={8},
	number={1},
	pages={182--208},
	year={2020},
	publisher={De Gruyter}
}

@article{imbens1994identification,
	title={Identification and Estimation of Local Average Treatment Effects},
	author={Imbens, Guido W and Angrist, Joshua D},
	journal={Econometrica},
	volume={62},
	number={2},
	pages={467--475},
	year={1994}
}



@article{klein2010heterogeneous,
	title={Heterogeneous treatment effects: Instrumental variables without monotonicity?},
	author={Klein, Tobias J},
	journal={Journal of Econometrics},
	volume={155},
	number={2},
	pages={99--116},
	year={2010},
	publisher={Elsevier}
}

@article{maugis2007variable,
	title={Variable Selection for Clustering with Gaussian Mixture Models},
	author={Maugis, Cathy and Celeux, Gilles and Martin-Magniette, Marie-Laure},
	journal={HAL},
	volume={2007},
	year={2007}
}

@book{mclachlan2004finite,
	title={Finite mixture models},
	author={McLachlan, Geoffrey J and Peel, David},
	year={2004},
	publisher={John Wiley \& Sons}
}

@article{mcfadden1974conditional,
	title={Conditional Logit Analysis of Qualitative Choice Behavior},
	author={McFadden, Daniel},
	journal={Frontiers in Econometrics},
	year={1974},
	publisher={Academic Press}
}


@article{manjunath2021moments,
	title={Moments Calculation for the Doubly Truncated Multivariate Normal Density},
	author={Manjunath, BG and Wilhelm, Stefan},
	journal={Journal of Behavioral Data Science},
	volume={1},
	number={1},
	pages={17--33},
	year={2021}
}

@article{masten2016identification,
	title={Identification of instrumental variable correlated random coefficients models},
	author={Masten, Matthew A and Torgovitsky, Alexander},
	journal={Review of Economics and Statistics},
	volume={98},
	number={5},
	pages={1001--1005},
	year={2016},
	publisher={The MIT Press}
}

@article{mogstad2021causal,
	title={The causal interpretation of two-stage least squares with multiple instrumental variables},
	author={Mogstad, Magne and Torgovitsky, Alexander and Walters, Christopher R},
	journal={American Economic Review},
	volume={111},
	number={11},
	pages={3663--98},
	year={2021}
}

@article{newey1994large,
	title={Large sample estimation and hypothesis testing},
	author={Newey, Whitney K and McFadden, Daniel},
	journal={Handbook of econometrics},
	volume={4},
	pages={2111--2245},
	year={1994},
	publisher={Elsevier}
}

@article{newey2022heterogeneous,
	title={Heterogeneous coefficients, control variables and identification of multiple treatment effects},
	author={Newey, Whitney K and Stouli, Sami},
	journal={Biometrika},
	volume={109},
	number={3},
	pages={865--872},
	year={2022},
	publisher={Oxford University Press}
}

@article{ortiz2022estimating,
	title={Estimating the non-pecuniary benefit of engaging in pro-environmental behaviors: Incorporating both heterogeneous preferences and income endogeneity},
	author={Ortiz, Cristian and Sarrias, Mauricio},
	journal={Journal of environmental management},
	volume={302},
	pages={114040},
	year={2022},
	publisher={Elsevier}
}

@article{olson2010associations,
	title={Associations between mothers' and their children's weights at 4 years of age},
	author={Olson, Christine M and Demment, Margaret M and Carling, Stacy J and Strawderman, Myla S},
	journal={Childhood obesity},
	volume={6},
	number={4},
	pages={201--207},
	year={2010},
	publisher={Mary Ann Liebert, Inc. 140 Huguenot Street, 3rd Floor New Rochelle, NY 10801 USA}
}

@article{perez2009assortative,
	title={Assortative weight gain in mother--daughter and father--son pairs: an emerging source of childhood obesity. Longitudinal study of trios (EarlyBird 43)},
	author={Perez-Pastor, Elena M and Metcalf, Brad S and Hosking, Joanne and Jeffery, Alison N and Voss, Linda D and Wilkin, Terry J},
	journal={International journal of obesity},
	volume={33},
	number={7},
	pages={727--735},
	year={2009},
	publisher={Nature Publishing Group}
}

@article{ravallion2015implications,
	title={On the implications of essential heterogeneity for estimating causal impacts using social experiments},
	author={Ravallion, Martin},
	journal={Journal of Econometric Methods},
	volume={4},
	number={1},
	pages={145--151},
	year={2015},
	publisher={De Gruyter}
}

@article{sarrias2021two,
	title={A two recursive equation model to correct for endogeneity in latent class binary probit models},
	author={Sarrias, Mauricio},
	journal={Journal of Choice Modelling},
	pages={100301},
	year={2021},
	publisher={Elsevier}
}

@article{strauss1999influence,
	title={Influence of the home environment on the development of obesity in children},
	author={Strauss, Richard S and Knight, Judith},
	journal={Pediatrics},
	volume={103},
	number={6},
	pages={e85--e85},
	year={1999},
	publisher={American Academy of Pediatrics}
}

@article{wooldridge1997two,
	title={On two stage least squares estimation of the average treatment effect in a random coefficient model},
	author={Wooldridge, Jeffrey M},
	journal={Economics letters},
	volume={56},
	number={2},
	pages={129--133},
	year={1997},
	publisher={Elsevier}
}

@article{wooldridge2003further,
	title={Further results on instrumental variables estimation of average treatment effects in the correlated random coefficient model},
	author={Wooldridge, Jeffrey M},
	journal={Economics letters},
	volume={79},
	number={2},
	pages={185--191},
	year={2003},
	publisher={Elsevier}
}

@article{wooldridge2005unobserved,
	title={Unobserved heterogeneity and estimation of average partial effects},
	author={Wooldridge, Jeffrey M},
	journal={Identification and inference for econometric models: Essays in honor of Thomas Rothenberg},
	pages={27--55},
	year={2005}
}

@article{xu2011parental,
	title={Parental overweight/obesity, social factors, and child overweight/obesity at 7 years of age},
	author={Xu, Li and Dubois, Lise and Burnier, Daniel and Girard, Manon and Prud'homme, Denis},
	journal={Pediatrics International},
	volume={53},
	number={6},
	pages={826--831},
	year={2011},
	publisher={Wiley Online Library}
}